@Book{foundations textbook,
author = {Smith, Doublas and Maurice Eggen and St. Andre, Richard},
ALTeditor = {•},
title = {A Transition to Advanced Mathemathematics},
edition = {Eighth},
publisher = {Cengage Learning, Boston},
year = {2015},
OPTkey = {•},
OPTvolume = {•},
OPTnumber = {•},
OPTseries = {•},
OPTaddress = {•},
OPTedition = {•},
OPTmonth = {•},
OPTnote = {•},
OPTannote = {•}
}
